@inbook{ColdSources,
  author =       {P. Gr{\"o}ning and L. Nilsson and P. Ruffieux and R.
                  Clergereaux and O. Gr{\"o}ning},
  title =        {Encyclopedia of Nanoscience and Nanotechnology},
  pages =        {547--579},
  publisher =    {American Scientific Publishers},
  year =         2004,
  volume =       1,
}

@inproceedings{DPMG,
  author =       {Kim, Sangbum and Woo, Namyoon and Yeom, Heon Y. and Park,
                  Taesoon and Park, Hyoungwoo},
  title =        {Design and {I}mplementation of {D}ynamic {P}rocess
                  {M}anagement for {G}rid-enabled {MPICH}},
  booktitle =    {the 10th European PVM/MPI Users' Group Conference},
  year =         2003,
  address =      {Venice, Italy},
  month =        sep,
}

@article{ELIDRISSI94,
  author =       "{Chafik El Idrissi}, M. and {Roney}, A. and {Frigon}, C. and
                  {Larzilli{\`e}re}, M.",
  title =        "Measurements of total kinetic-energy released to the {$N=2$}
                  dissociation limit of {H}$_2$ --- evidence of the dissociation
                  of very high vibrational {R}ydberg states of {H}$_2$ by
                  doubly-excited states",
  journal =      "Chemical Physics Letters",
  pages =        "260-266",
  volume =       224,
  number =       10,
  year =         1994,
}

@phdthesis{FistSystem01,
  author =       "Erez Zadok",
  title =        "{FiST: A System for Stackable File System Code Generation}",
  year =         2001,
  month =        "May",
  school =       "Computer Science Department, Columbia University",
  address =      "USA"
}

@book{IEEE-1363,
  author =       {{IEEE Std 1363-2000}},
  title =        {{IEEE} Standard Specifications for Public-Key Cryptography},
  address =      {New York},
  publisher =    {IEEE},
  year =         2000
}

@incollection{Krasnogor2004e,
  author =       {N. Krasnogor},
  title =        {Towards robust memetic algorithms},
  booktitle =    {Recent Advances in Memetic Algorithms},
  publisher =    {Springer Berlin Heidelberg},
  year =         2004,
  pages =        {185-207},
  editor =       {W.E. Hart and N. Krasnogor and J.E. Smith},
  volume =       166,
  series =       {Studies in Fuzziness and Soft Computing},
  address =      {New York},
}

@article{MELLINGER96,
  author =       "Mellinger, A. and Vidal, C. R. and Jungen, Ch.",
  title =        "Laser reduced fluorescence study of the carbon-monoxide nd
                  triplet {R}ydberg series-experimental results and multichannel
                  quantum-defect analysis",
  journal =      "J. Chem. Phys.",
  pages =        "8913-8921",
  volume =       104,
  number =       5,
  year =         1996,
}

@TechReport{NPB2,
  title =        {The {NAS} Parallel Benchmarks 2.0},
  author =       {Alex Woo and David Bailey and Maurice Yarrow and Wijngaart
                  Wijngaart and Tim Harris and William Saphir},
  year =         1995,
  month =        dec # "~05",
  institution =  "The Pennsylvania State University CiteSeer Archives",
  url =          "http://www.nasa.org/"
}

@article{SHELL02,
  author =       "Michael Shell",
  title =        "How to Use the {IEEEtran \LaTeX} Class",
  journal =      "Journal of {\LaTeX} Class Files",
  year =         2002,
  volume =       12,
  number =       4,
  pages =        "100--120"
}

@article{arkin2014small,
  title={Small-molecule inhibitors of protein-protein interactions: progressing toward the reality},
  author={Arkin, Michelle R and Tang, Yinyan and Wells, James A},
  journal={Chemistry \& biology},
  volume={21},
  number={9},
  pages={1102--1114},
  year={2014},
  publisher={Elsevier}
}

@article{ashburn2004drug,
  title={Drug repositioning: identifying and developing new uses for existing drugs},
  author={Ashburn, Ted T and Thor, Karl B},
  journal={Nature reviews Drug discovery},
  volume={3},
  number={8},
  pages={673--683},
  year={2004},
  publisher={Nature Publishing Group}
}

@article{ashburner2000gene,
  title={Gene Ontology: tool for the unification of biology},
  author={Ashburner, Michael and Ball, Catherine A and Blake, Judith A and Botstein, David and Butler, Heather and Cherry, J Michael and Davis, Allan P and Dolinski, Kara and Dwight, Selina S and Eppig, Janan T and others},
  journal={Nature genetics},
  volume={25},
  number={1},
  pages={25--29},
  year={2000},
  publisher={Nature Publishing Group}
}

@article{backus2016proteome,
  title={Proteome-wide covalent ligand discovery in native biological systems},
  author={Backus, Keriann M and Correia, Bruno E and Lum, Kenneth M and Forli, Stefano and Horning, Benjamin D and Gonz{\'a}lez-P{\'a}ez, Gonzalo E and Chatterjee, Sandip and Lanning, Bryan R and Teijaro, John R and Olson, Arthur J and others},
  journal={Nature},
  volume={534},
  number={7608},
  pages={570--574},
  year={2016},
  publisher={Nature Publishing Group}
}

@article{bader2003bind,
  title={BIND: the biomolecular interaction network database},
  author={Bader, Gary D and Betel, Doron and Hogue, Christopher WV},
  journal={Nucleic acids research},
  volume={31},
  number={1},
  pages={248--250},
  year={2003},
  publisher={Oxford Univ Press}
}

@article{bateman2004pfam,
  title={The Pfam protein families database},
  author={Bateman, Alex and Coin, Lachlan and Durbin, Richard and Finn, Robert D and Hollich, Volker and Griffiths-Jones, Sam and Khanna, Ajay and Marshall, Mhairi and Moxon, Simon and Sonnhammer, Erik LL and others},
  journal={Nucleic acids research},
  volume={32},
  number={suppl 1},
  pages={D138--D141},
  year={2004},
  publisher={Oxford Univ Press}
}

@article{bemis1996properties,
  title={The properties of known drugs. 1. Molecular frameworks},
  author={Bemis, Guy W and Murcko, Mark A},
  journal={Journal of medicinal chemistry},
  volume={39},
  number={15},
  pages={2887--2893},
  year={1996},
  publisher={ACS Publications}
}

@article{bento2014chembl,
  title={The ChEMBL bioactivity database: an update},
  author={Bento, A Patr{\'\i}cia and Gaulton, Anna and Hersey, Anne and Bellis, Louisa J and Chambers, Jon and Davies, Mark and Kr{\"u}ger, Felix A and Light, Yvonne and Mak, Lora and McGlinchey, Shaun and others},
  journal={Nucleic acids research},
  volume={42},
  number={D1},
  pages={D1083--D1090},
  year={2014},
  publisher={Oxford Univ Press}
}

@article{berman2000protein,
  title={The protein data bank},
  author={Berman, Helen M and Westbrook, John and Feng, Zukang and Gilliland, Gary and Bhat, Talapady N and Weissig, Helge and Shindyalov, Ilya N and Bourne, Philip E},
  journal={Nucleic acids research},
  volume={28},
  number={1},
  pages={235--242},
  year={2000},
  publisher={Oxford Univ Press}
}

@article{bjarnadottir2006comprehensive,
  title={Comprehensive repertoire and phylogenetic analysis of the G protein-coupled receptors in human and mouse},
  author={Bjarnad{\'o}ttir, Th{\'o}ra K and Gloriam, David E and Hellstrand, Sofia H and Kristiansson, Helena and Fredriksson, Robert and Schi{\"o}th, Helgi B},
  journal={Genomics},
  volume={88},
  number={3},
  pages={263--273},
  year={2006},
  publisher={Elsevier}
}

@online{oclc2000,
  author =      {{Online Computer Library Center, Inc.}},
  title =       {History of {OCLC}},
  citedate =    {2000-01-08},
  url =         {http://www.oclc.org/about/history/default.htm},
}
@inproceedings{block2015designing,
  title={Designing a broad-spectrum integrative approach for cancer prevention and treatment},
  author={Block, Keith I and Gyllenhaal, Charlotte and Lowe, Leroy and Amedei, Amedeo and Amin, ARM Ruhul and Amin, Amr and Aquilano, Katia and Arbiser, Jack and Arreola, Alexandra and Arzumanyan, Alla and others},
  booktitle={Seminars in cancer biology},
  volume={35},
  pages={S276--S304},
  year={2015},
  organization={Elsevier}
}
@article{campillos2008drug,
  title={Drug target identification using side-effect similarity},
  author={Campillos, Monica and Kuhn, Michael and Gavin, Anne-Claude and Jensen, Lars Juhl and Bork, Peer},
  journal={Science},
  volume={321},
  number={5886},
  pages={263--266},
  year={2008},
  publisher={American Association for the Advancement of Science}
}
@article{casella1992explaining,
  title={Explaining the Gibbs sampler},
  author={Casella, George and George, Edward I},
  journal={The American Statistician},
  volume={46},
  number={3},
  pages={167--174},
  year={1992},
  publisher={Taylor \& Francis}
}

@article{chatr2007mint,
  title={MINT: the Molecular INTeraction database},
  author={Chatr-Aryamontri, Andrew and Ceol, Arnaud and Palazzi, Luisa Montecchi and Nardelli, Giuliano and Schneider, Maria Victoria and Castagnoli, Luisa and Cesareni, Gianni},
  journal={Nucleic acids research},
  volume={35},
  number={suppl 1},
  pages={D572--D574},
  year={2007},
  publisher={Oxford Univ Press}
}
@article{cheng2012admetsar,
  title={admetSAR: a comprehensive source and free tool for assessment of chemical ADMET properties},
  author={Cheng, Feixiong and Li, Weihua and Zhou, Yadi and Shen, Jie and Wu, Zengrui and Liu, Guixia and Lee, Philip W and Tang, Yun},
  journal={Journal of chemical information and modeling},
  volume={52},
  number={11},
  pages={3099--3105},
  year={2012},
  publisher={ACS Publications}
}

@article{cheng2012prediction,
  title={Prediction of drug-target interactions and drug repositioning via network-based inference},
  author={Cheng, Feixiong and Liu, Chuang and Jiang, Jing and Lu, Weiqiang and Li, Weihua and Liu, Guixia and Zhou, Weixing and Huang, Jin and Tang, Yun},
  journal={PLoS Comput Biol},
  volume={8},
  number={5},
  pages={e1002503},
  year={2012},
  publisher={Public Library of Science}
}

@article{cheng2013prediction,
  title={Prediction of polypharmacological profiles of drugs by the integration of chemical, side effect, and therapeutic space},
  author={Cheng, Feixiong and Li, Weihua and Wu, Zengrui and Wang, Xichuan and Zhang, Chen and Li, Jie and Liu, Guixia and Tang, Yun},
  journal={Journal of chemical information and modeling},
  volume={53},
  number={4},
  pages={753--762},
  year={2013},
  publisher={ACS Publications}
}

@article{chothia1984principles,
  title={Principles that determine the structure of proteins},
  author={Chothia, Cyrus},
  journal={Annual review of biochemistry},
  volume={53},
  number={1},
  pages={537--572},
  year={1984},
  publisher={Annual Reviews 4139 El Camino Way, PO Box 10139, Palo Alto, CA 94303-0139, USA}
}

@article{cokol2011systematic,
  title={Systematic exploration of synergistic drug pairs},
  author={Cokol, Murat and Chua, Hon Nian and Tasan, Murat and Mutlu, Beste and Weinstein, Zohar B and Suzuki, Yo and Nergiz, Mehmet E and Costanzo, Michael and Baryshnikova, Anastasia and Giaever, Guri and others},
  journal={Molecular systems biology},
  volume={7},
  number={1},
  pages={544},
  year={2011},
  publisher={EMBO Press}
}

@book{companion,
  author =       "Michel Goosens and Frank Mittelbach and Alexander Samarin",
  title =        "The {\LaTeX} Companion",
  publisher =    "Addison-Wesley Publishing Company",
  address =      "Reading, MA",
  PAGES =        "112--125",
  year =         1994,
}

@article{corson2007molecular,
  title={Molecular understanding and modern application of traditional medicines: triumphs and trials},
  author={Corson, Timothy W and Crews, Craig M},
  journal={Cell},
  volume={130},
  number={5},
  pages={769--774},
  year={2007},
  publisher={Elsevier}
}

@article{de2014pdbsum,
  title={PDBsum additions},
  author={de Beer, Tjaart AP and Berka, Karel and Thornton, Janet M and Laskowski, Roman A},
  journal={Nucleic acids research},
  volume={42},
  number={D1},
  pages={D292--D296},
  year={2014},
  publisher={Oxford Univ Press}
}

@article{dempster1977maximum,
  title={Maximum likelihood from incomplete data via the EM algorithm},
  author={Dempster, Arthur P and Laird, Nan M and Rubin, Donald B},
  journal={Journal of the royal statistical society. Series B (methodological)},
  pages={1--38},
  year={1977},
  publisher={JSTOR}
}

@article{deng2002inferring,
  title={Inferring domain--domain interactions from protein--protein interactions},
  author={Deng, Minghua and Mehta, Shipra and Sun, Fengzhu and Chen, Ting},
  journal={Genome research},
  volume={12},
  number={10},
  pages={1540--1548},
  year={2002},
  publisher={Cold Spring Harbor Lab}
}

@article{ding2014similarity,
  title={Similarity-based machine learning methods for predicting drug--target interactions: a brief review},
  author={Ding, Hao and Takigawa, Ichigaku and Mamitsuka, Hiroshi and Zhu, Shanfeng},
  journal={Briefings in Bioinformatics},
  volume={15},
  number={5},
  pages={734--747},
  year={2014},
  publisher={Oxford Univ Press}
}

@article{dixon2006phase,
  title={PHASE: a new engine for pharmacophore perception, 3D QSAR model development, and 3D database screening: 1. Methodology and preliminary results},
  author={Dixon, Steven L and Smondyrev, Alexander M and Knoll, Eric H and Rao, Shashidhar N and Shaw, David E and Friesner, Richard A},
  journal={Journal of computer-aided molecular design},
  volume={20},
  number={10-11},
  pages={647--671},
  year={2006},
  publisher={Springer}
}

@article{duran2013analysis,
  title={Analysis of chemical and biological features yields mechanistic insights into drug side effects},
  author={Duran-Frigola, Miquel and Aloy, Patrick},
  journal={Chemistry \& biology},
  volume={20},
  number={4},
  pages={594--603},
  year={2013},
  publisher={Elsevier}
}

@article{durant2002reoptimization,
  title={Reoptimization of MDL keys for use in drug discovery},
  author={Durant, Joseph L and Leland, Burton A and Henry, Douglas R and Nourse, James G},
  journal={Journal of chemical information and computer sciences},
  volume={42},
  number={6},
  pages={1273--1280},
  year={2002},
  publisher={ACS Publications}
}

@article{efron1978assessing,
  title={Assessing the accuracy of the maximum likelihood estimator: Observed versus expected Fisher information},
  author={Efron, Bradley and Hinkley, David V},
  journal={Biometrika},
  volume={65},
  number={3},
  pages={457--483},
  year={1978},
  publisher={Biometrika Trust}
}

@article{engelmann2013thrombosis,
  title={Thrombosis as an intravascular effector of innate immunity},
  author={Engelmann, Bernd and Massberg, Steffen},
  journal={Nature Reviews Immunology},
  volume={13},
  number={1},
  pages={34--45},
  year={2013},
  publisher={Nature Publishing Group}
}

@article{ertl2000fast,
  title={Fast calculation of molecular polar surface area as a sum of fragment-based contributions and its application to the prediction of drug transport properties},
  author={Ertl, Peter and Rohde, Bernhard and Selzer, Paul},
  journal={Journal of medicinal chemistry},
  volume={43},
  number={20},
  pages={3714--3717},
  year={2000},
  publisher={ACS Publications}
}

@inproceedings{finkel2009hierarchical,
  title={Hierarchical bayesian domain adaptation},
  author={Finkel, Jenny Rose and Manning, Christopher D},
  booktitle={Proceedings of Human Language Technologies: The 2009 Annual Conference of the North American Chapter of the Association for Computational Linguistics},
  pages={602--610},
  year={2009},
  organization={Association for Computational Linguistics}
}

@book{friedman2001elements,
  title={The elements of statistical learning},
  author={Friedman, Jerome and Hastie, Trevor and Tibshirani, Robert},
  volume={1},
  year={2001},
  publisher={Springer series in statistics Springer, Berlin}
}

@article{gallina2013pli,
  title={PLI: a web-based tool for the comparison of protein-ligand interactions observed on PDB structures},
  author={Gallina, Anna Maria and Bisignano, Paola and Bergamino, Maurizio and Bordo, Domenico},
  journal={Bioinformatics},
  volume={29},
  number={3},
  pages={395--397},
  year={2013},
  publisher={Oxford Univ Press}
}

@book{gilks2005markov,
  title={Markov chain monte carlo},
  author={Gilks, Walter R},
  year={2005},
  publisher={Wiley Online Library}
}

@article{gobbi1998genetic,
  title={Genetic optimization of combinatorial libraries},
  author={Gobbi, Alberto and Poppinger, Dieter},
  journal={Biotechnology and bioengineering},
  volume={61},
  number={1},
  pages={47--54},
  year={1998},
  publisher={Wiley Online Library}
}

@article{goh2007human,
  title={The human disease network},
  author={Goh, Kwang-Il and Cusick, Michael E and Valle, David and Childs, Barton and Vidal, Marc and Barab{\'a}si, Albert-L{\'a}szl{\'o}},
  journal={Proceedings of the National Academy of Sciences},
  volume={104},
  number={21},
  pages={8685--8690},
  year={2007},
  publisher={National Acad Sciences}
}

@article{gottlieb2011predict,
  title={PREDICT: a method for inferring novel drug indications with application to personalized medicine},
  author={Gottlieb, Assaf and Stein, Gideon Y and Ruppin, Eytan and Sharan, Roded},
  journal={Molecular systems biology},
  volume={7},
  number={1},
  pages={496},
  year={2011},
  publisher={EMBO Press}
}

@article{hermjakob2004intact,
  title={IntAct: an open source molecular interaction database},
  author={Hermjakob, Henning and Montecchi-Palazzi, Luisa and Lewington, Chris and Mudali, Sugath and Kerrien, Samuel and Orchard, Sandra and Vingron, Martin and Roechert, Bernd and Roepstorff, Peter and Valencia, Alfonso and others},
  journal={Nucleic acids research},
  volume={32},
  number={suppl 1},
  pages={D452--D455},
  year={2004},
  publisher={Oxford Univ Press}
}

@article{hopkins2002druggable,
  title={The druggable genome},
  author={Hopkins, Andrew L and Groom, Colin R},
  journal={Nature reviews Drug discovery},
  volume={1},
  number={9},
  pages={727--730},
  year={2002},
  publisher={Nature Publishing Group}
}

@article{hopkins2008network,
  title={Network pharmacology: the next paradigm in drug discovery},
  author={Hopkins, Andrew L},
  journal={Nature chemical biology},
  volume={4},
  number={11},
  pages={682--690},
  year={2008},
  publisher={Nature Publishing Group}
}

@article{hopkins2009drug,
  title={Drug discovery: predicting promiscuity},
  author={Hopkins, Andrew L},
  journal={Nature},
  volume={462},
  number={7270},
  pages={167--168},
  year={2009},
  publisher={Nature Publishing Group}
}

@article{hossmann2006pathophysiology,
  title={Pathophysiology and therapy of experimental stroke},
  author={Hossmann, Konstantin-Alexander},
  journal={Cellular and molecular neurobiology},
  volume={26},
  number={7-8},
  pages={1055--1081},
  year={2006},
  publisher={Springer}
}

@article{hu2016network,
  title={Network biology concepts in complex disease comorbidities},
  author={Hu, Jessica Xin and Thomas, Cecilia Engel and Brunak, S{\o}ren},
  journal={Nature Reviews Genetics},
  year={2016},
  publisher={Nature Research}
}

@article{huang2009systematic,
  title={Systematic and integrative analysis of large gene lists using DAVID bioinformatics resources},
  author={Huang, Da Wei and Sherman, Brad T and Lempicki, Richard A},
  journal={Nature protocols},
  volume={4},
  number={1},
  pages={44--57},
  year={2009},
  publisher={Nature Publishing Group}
}

@article{ideker2012differential,
  title={Differential network biology},
  author={Ideker, Trey and Krogan, Nevan J},
  journal={Molecular systems biology},
  volume={8},
  number={1},
  pages={565},
  year={2012},
  publisher={EMBO Press}
}
@article{imming2006drugs,
  title={Drugs, their targets and the nature and number of drug targets},
  author={Imming, Peter and Sinning, Christian and Meyer, Achim},
  journal={Nature reviews Drug discovery},
  volume={5},
  number={10},
  pages={821--834},
  year={2006},
  publisher={Nature Publishing Group}
}
@article{jia2009mechanisms,
  title={Mechanisms of drug combinations: interaction and network perspectives},
  author={Jia, Jia and Zhu, Feng and Ma, Xiaohua and Cao, Zhiwei W and Li, Yixue X and Chen, Yu Zong},
  journal={Nature reviews Drug discovery},
  volume={8},
  number={2},
  pages={111--128},
  year={2009},
  publisher={Nature Publishing Group}
}
@article{kak2014ml,
  title={ML, MAP, and Bayesian-the holy trinity of parameter estimation and data prediction},
  author={Kak, Avinash},
  journal={An RVL Tutorial Presentation at Purdue University},
  volume={10},
  year={2014}
}

@article{kalliokoski2013comparability,
  title={Comparability of mixed IC 50 data--a statistical analysis},
  author={Kalliokoski, Tuomo and Kramer, Christian and Vulpetti, Anna and Gedeck, Peter},
  journal={PLoS One},
  volume={8},
  number={4},
  pages={e61007},
  year={2013},
  publisher={Public Library of Science}
}
@article{keiser2007relating,
  title={Relating protein pharmacology by ligand chemistry},
  author={Keiser, Michael J and Roth, Bryan L and Armbruster, Blaine N and Ernsberger, Paul and Irwin, John J and Shoichet, Brian K},
  journal={Nature biotechnology},
  volume={25},
  number={2},
  pages={197--206},
  year={2007},
  publisher={Nature Publishing Group}
}
@article{keiser2009predicting,
  title={Predicting new molecular targets for known drugs},
  author={Keiser, Michael J and Setola, Vincent and Irwin, John J and Laggner, Christian and Abbas, Atheir I and Hufeisen, Sandra J and Jensen, Niels H and Kuijer, Michael B and Matos, Roberto C and Tran, Thuy B and others},
  journal={Nature},
  volume={462},
  number={7270},
  pages={175--181},
  year={2009},
  publisher={Nature Publishing Group}
}
@article{tabei2012identification,
  title={Identification of chemogenomic features from drug--target interaction networks using interpretable classifiers},
  author={Tabei, Yasuo and Pauwels, Edouard and Stoven, V{\'e}ronique and Takemoto, Kazuhiro and Yamanishi, Yoshihiro},
  journal={Bioinformatics},
  volume={28},
  number={18},
  pages={i487--i494},
  year={2012},
  publisher={Oxford Univ Press}
}
@article{kim2004pdz,
  title={PDZ domain proteins of synapses},
  author={Kim, Eunjoon and Sheng, Morgan},
  journal={Nature Reviews Neuroscience},
  volume={5},
  number={10},
  pages={771--781},
  year={2004},
  publisher={Nature Publishing Group}
}
@article{kim2015systems,
  title={A systems approach to traditional oriental medicine},
  author={Kim, Hyun Uk and Ryu, Jae Yong and Lee, Jong Ok and Lee, Sang Yup},
  journal={Nature biotechnology},
  volume={33},
  number={3},
  pages={264--268},
  year={2015},
  publisher={Nature Publishing Group}
}
@article{kitano2007robustness,
  title={A robustness-based approach to systems-oriented drug design},
  author={Kitano, Hiroaki},
  journal={Nature reviews Drug discovery},
  volume={5},
  number={3},
  pages={202--210},
  year={2007},
  publisher={Nature Publishing Group}
}
@inproceedings{kocher99,
  author =       {C. Kocher and J. Jaffe and B. Jun},
  title =        {Differential Power Analysis},
  editor =       {M. Wiener},
  booktitle =    {Advances in Cryptology ({CRYPTO}~'99)},
  series =       {Lecture Notes in Computer Science},
  volume =       1666,
  pages =        {388-397},
  publisher =    {Springer-Verlag},
  month =        {August},
  year =         1999
}
@article{koehn2005evolving,
  title={The evolving role of natural products in drug discovery},
  author={Koehn, Frank E and Carter, Guy T},
  journal={Nature reviews Drug discovery},
  volume={4},
  number={3},
  pages={206--220},
  year={2005},
  publisher={Nature Publishing Group}
}
@article{kruger2012global,
  title={Global analysis of small molecule binding to related protein targets},
  author={Kruger, Felix A and Overington, John P},
  journal={PLoS Comput Biol},
  volume={8},
  number={1},
  pages={e1002333},
  year={2012},
  publisher={Public Library of Science}
}
@article{kruger2012mapping,
  title={Mapping small molecule binding data to structural domains},
  author={Kruger, Felix A and Rostom, Raghd and Overington, John P},
  journal={BMC bioinformatics},
  volume={13},
  number={17},
  pages={1},
  year={2012},
  publisher={BioMed Central}
}
@article{kruger2014ppdms,
  title={PPDMs—a resource for mapping small molecule bioactivities from ChEMBL to Pfam-A protein domains},
  author={Kruger, Felix A and Gaulton, Anna and Nowotka, Michal and Overington, John P},
  journal={Bioinformatics},
  pages={btu711},
  year={2014},
  publisher={Oxford Univ Press}
}
@article{kuhn2015sider,
  title={The SIDER database of drugs and side effects},
  author={Kuhn, Michael and Letunic, Ivica and Jensen, Lars Juhl and Bork, Peer},
  journal={Nucleic acids research},
  pages={gkv1075},
  year={2015},
  publisher={Oxford Univ Press}
}
@article{landrum2006rdkit,
  title={RDKit: Open-source cheminformatics},
  author={Landrum, Greg},
  journal={Online). http://​ www.​ rdkit.​ org. Accessed},
  volume={3},
  number={04},
  pages={2012},
  year={2006}
}
@article{li2007understanding,
  title={Understanding ZHENG in traditional Chinese medicine in the context of neuro-endocrine-immune network},
  author={Li, Shao and d Li, Y and others},
  journal={IET Systems Biology},
  volume={1},
  number={1},
  pages={51--60},
  year={2007},
  publisher={IET}
}
@article{li2010herb,
  title={Herb network construction and co-module analysis for uncovering the combination rule of traditional Chinese herbal formulae},
  author={Li, Shao and Zhang, Bo and Jiang, Duo and Wei, Yingying and Zhang, Ningbo},
  journal={BMC bioinformatics},
  volume={11},
  number={11},
  pages={1},
  year={2010},
  publisher={BioMed Central}
}
@article{li2011network,
  title={Network target for screening synergistic drug combinations with application to traditional Chinese medicine},
  author={Li, Shao and Zhang, Bo and Zhang, Ningbo},
  journal={BMC systems biology},
  volume={5},
  number={1},
  pages={1},
  year={2011},
  publisher={BioMed Central}
}
@article{li2015mapping,
  title={Mapping ancient remedies: applying a network approach to traditional Chinese medicine},
  author={Li, Shao and others},
  journal={Science},
  volume={350},
  number={6262},
  pages={S72--S74},
  year={2015},
  publisher={American Association for The Advancement of Science, Washington, USA}
}
@article{li2016exploring,
  title={Exploring traditional Chinese medicine by a novel therapeutic concept of network target},
  author={Li, Shao},
  journal={Chinese journal of integrative medicine},
  pages={1--6},
  year={2016},
  publisher={Springer}
}
@article{liang2014novel,
  title={A novel network pharmacology approach to analyse traditional herbal formulae: the Liu-Wei-Di-Huang pill as a case study},
  author={Liang, Xujun and Li, Huiying and Li, Shao},
  journal={Molecular BioSystems},
  volume={10},
  number={5},
  pages={1014--1022},
  year={2014},
  publisher={Royal Society of Chemistry}
}
@article{lin2013pharmacological,
  title={A pharmacological organization of G protein-coupled receptors},
  author={Lin, Henry and Sassano, Maria F and Roth, Bryan L and Shoichet, Brian K},
  journal={Nature methods},
  volume={10},
  number={2},
  pages={140--146},
  year={2013},
  publisher={Nature Publishing Group}
}
@article{lipinski2004navigating,
  title={Navigating chemical space for biology and medicine},
  author={Lipinski, Christopher and Hopkins, Andrew},
  journal={Nature},
  volume={432},
  number={7019},
  pages={855--861},
  year={2004},
  publisher={Nature Publishing Group}
}
@article{liu1989limited,
  title={On the limited memory BFGS method for large scale optimization},
  author={Liu, Dong C and Nocedal, Jorge},
  journal={Mathematical programming},
  volume={45},
  number={1-3},
  pages={503--528},
  year={1989},
  publisher={Springer}
}
@article{liu2011controllability,
  title={Controllability of complex networks},
  author={Liu, Yang-Yu and Slotine, Jean-Jacques and Barab{\'a}si, Albert-L{\'a}szl{\'o}},
  journal={Nature},
  volume={473},
  number={7346},
  pages={167--173},
  year={2011},
  publisher={Nature Publishing Group}
}
@article{liu2016neighborhood,
  title={Neighborhood Regularized Logistic Matrix Factorization for Drug-Target Interaction Prediction},
  author={Liu, Yong and Wu, Min and Miao, Chunyan and Zhao, Peilin and Li, Xiao-Li},
  journal={PLoS Comput Biol},
  volume={12},
  number={2},
  pages={e1004760},
  year={2016},
  publisher={Public Library of Science}
}
@article{lounkine2012large,
  title={Large-scale prediction and testing of drug activity on side-effect targets},
  author={Lounkine, Eugen and Keiser, Michael J and Whitebread, Steven and Mikhailov, Dmitri and Hamon, Jacques and Jenkins, Jeremy L and Lavan, Paul and Weber, Eckhard and Doak, Allison K and C{\^o}t{\'e}, Serge and others},
  journal={Nature},
  volume={486},
  number={7403},
  pages={361--367},
  year={2012},
  publisher={Nature Publishing Group}
}
@article{ma2009synergistic,
  title={Synergistic therapeutic actions of herbal ingredients and their mechanisms from molecular interaction and network perspectives},
  author={Ma, XH and Zheng, CJ and Han, LY and Xie, B and Jia, J and Cao, ZW and Li, YX and Chen, YZ},
  journal={Drug discovery today},
  volume={14},
  number={11},
  pages={579--588},
  year={2009},
  publisher={Elsevier}
}
@article{magoulas2011syntheses,
  title={Syntheses, antiproliferative activity and theoretical characterization of acitretin-type retinoids with changes in the lipophilic part},
  author={Magoulas, George E and Bariamis, Stavros E and Athanassopoulos, Constantinos M and Haskopoulos, Anastasios and Dedes, Petros G and Krokidis, Marios G and Karamanos, Nikos K and Kletsas, Dimitris and Papaioannou, Dionissios and Maroulis, George},
  journal={European journal of medicinal chemistry},
  volume={46},
  number={2},
  pages={721--737},
  year={2011},
  publisher={Elsevier}
}
@article{malo2006statistical,
  title={Statistical practice in high-throughput screening data analysis},
  author={Malo, Nathalie and Hanley, James A and Cerquozzi, Sonia and Pelletier, Jerry and Nadon, Robert},
  journal={Nature biotechnology},
  volume={24},
  number={2},
  pages={167--175},
  year={2006},
  publisher={Nature Publishing Group}
}
@article{mei2012opportunities,
  title={Opportunities in systems biology to discover mechanisms and repurpose drugs for CNS diseases},
  author={Mei, Hongkang and Xia, Tian and Feng, Gang and Zhu, Jason and Lin, Simon M and Qiu, Yang},
  journal={Drug discovery today},
  volume={17},
  number={21},
  pages={1208--1216},
  year={2012},
  publisher={Elsevier}
}
@article{mestres2008data,
  title={Data completeness—the Achilles heel of drug-target networks},
  author={Mestres, Jordi and Gregori-Puigjan{\'e}, Elisabet and Valverde, Sergi and Sole, Ricard V},
  journal={Nature biotechnology},
  volume={26},
  number={9},
  pages={983--984},
  year={2008},
  publisher={Nature Publishing Group}
}
@mastersthesis{metamori2004,
  author =       {Ashwin Raju Jeyakumar},
  title =        {Metamori: A library for Incremental File Checkpointing},
  school =       {Virgina Tech},
  year =         2004,
  month =        jun # "~21",
  address =      {Blacksburg},
}

@article{mitra2013integrative,
  title={Integrative approaches for finding modular structure in biological networks},
  author={Mitra, Koyel and Carvunis, Anne-Ruxandra and Ramesh, Sanath Kumar and Ideker, Trey},
  journal={Nature Reviews Genetics},
  volume={14},
  number={10},
  pages={719--732},
  year={2013},
  publisher={Nature Publishing Group}
}
@article{murray2009rise,
  title={The rise of fragment-based drug discovery},
  author={Murray, Christopher W and Rees, David C},
  journal={Nature chemistry},
  volume={1},
  number={3},
  pages={187--192},
  year={2009},
  publisher={Nature Publishing Group}
}
@article{newman2006modularity,
  title={Modularity and community structure in networks},
  author={Newman, Mark EJ},
  journal={Proceedings of the national academy of sciences},
  volume={103},
  number={23},
  pages={8577--8582},
  year={2006},
  publisher={National Acad Sciences}
}
@article{niizuma2010mitochondrial,
  title={Mitochondrial and apoptotic neuronal death signaling pathways in cerebral ischemia},
  author={Niizuma, Kuniyasu and Yoshioka, Hideyuki and Chen, Hai and Kim, Gab Seok and Jung, Joo Eun and Katsu, Masataka and Okami, Nobuya and Chan, Pak H},
  journal={Biochimica et Biophysica Acta (BBA)-Molecular Basis of Disease},
  volume={1802},
  number={1},
  pages={92--99},
  year={2010},
  publisher={Elsevier}
}

@article{ocker2004potentiated,
  title={Potentiated anticancer effects on hepatoma cells by the retinoid adapalene},
  author={Ocker, Matthias and Herold, Christoph and Ganslmayer, Marion and Zopf, Steffen and Hahn, Eckhart G and Schuppan, Detlef},
  journal={Cancer letters},
  volume={208},
  number={1},
  pages={51--58},
  year={2004},
  publisher={Elsevier}
}
@article{over2013natural,
  title={Natural-product-derived fragments for fragment-based ligand discovery},
  author={Over, Bj{\"o}rn and Wetzel, Stefan and Gr{\"u}tter, Christian and Nakai, Yasushi and Renner, Steffen and Rauh, Daniel and Waldmann, Herbert},
  journal={Nature Chemistry},
  volume={5},
  number={1},
  pages={21--28},
  year={2013},
  publisher={Nature Publishing Group}
}
@article{overington2006many,
  title={How many drug targets are there?},
  author={Overington, John P and Al-Lazikani, Bissan and Hopkins, Andrew L},
  journal={Nature reviews Drug discovery},
  volume={5},
  number={12},
  pages={993--996},
  year={2006},
  publisher={Nature Publishing Group}
}
@article{pahikkala2014toward,
  title={Toward more realistic drug--target interaction predictions},
  author={Pahikkala, Tapio and Airola, Antti and Pietil{\"a}, Sami and Shakyawar, Sushil and Szwajda, Agnieszka and Tang, Jing and Aittokallio, Tero},
  journal={Briefings in bioinformatics},
  pages={bbu010},
  year={2014},
  publisher={Oxford Univ Press}
}
@article{paolini2006global,
  title={Global mapping of pharmacological space},
  author={Paolini, Gaia V and Shapland, Richard HB and van Hoorn, Willem P and Mason, Jonathan S and Hopkins, Andrew L},
  journal={Nature biotechnology},
  volume={24},
  number={7},
  pages={805--815},
  year={2006},
  publisher={Nature Publishing Group}
}
@article{prasad2009human,
  title={Human protein reference database—2009 update},
  author={Prasad, TS Keshava and Goel, Renu and Kandasamy, Kumaran and Keerthikumar, Shivakumar and Kumar, Sameer and Mathivanan, Suresh and Telikicherla, Deepthi and Raju, Rajesh and Shafreen, Beema and Venugopal, Abhilash and others},
  journal={Nucleic acids research},
  volume={37},
  number={suppl 1},
  pages={D767--D772},
  year={2009},
  publisher={Oxford Univ Press}
}
@article{qiu2007traditional,
  title={Traditional medicine: a culture in the balance},
  author={Qiu, Jane},
  journal={Nature},
  volume={448},
  number={7150},
  pages={126--128},
  year={2007},
  publisher={Nature Publishing Group}
}
@article{reker2014identifying,
  title={Identifying the macromolecular targets of de novo-designed chemical entities through self-organizing map consensus},
  author={Reker, Daniel and Rodrigues, Tiago and Schneider, Petra and Schneider, Gisbert},
  journal={Proceedings of the National Academy of Sciences},
  volume={111},
  number={11},
  pages={4067--4072},
  year={2014},
  publisher={National Acad Sciences}
}
@article{reker2014revealing,
  title={Revealing the macromolecular targets of complex natural products},
  author={Reker, Daniel and Perna, Anna M and Rodrigues, Tiago and Schneider, Petra and Reutlinger, Michael and M{\"o}nch, Bettina and Koeberle, Andreas and Lamers, Christina and Gabler, Matthias and Steinmetz, Heinrich and others},
  journal={Nature chemistry},
  volume={6},
  number={12},
  pages={1072--1078},
  year={2014},
  publisher={Nature Publishing Group}
}
@article{rogers2010extended,
  title={Extended-connectivity fingerprints},
  author={Rogers, David and Hahn, Mathew},
  journal={Journal of chemical information and modeling},
  volume={50},
  number={5},
  pages={742--754},
  year={2010},
  publisher={ACS Publications}
}
@article{roth2004magic,
  title={Magic shotguns versus magic bullets: selectively non-selective drugs for mood disorders and schizophrenia},
  author={Roth, Bryan L and Sheffler, Douglas J and Kroeze, Wesley K},
  journal={Nature Reviews Drug Discovery},
  volume={3},
  number={4},
  pages={353--359},
  year={2004},
  publisher={Nature Publishing Group}
}
@article{schenone2013target,
  title={Target identification and mechanism of action in chemical biology and drug discovery},
  author={Schenone, Monica and Dan{\v{c}}{\'\i}k, Vlado and Wagner, Bridget K and Clemons, Paul A},
  journal={Nature chemical biology},
  volume={9},
  number={4},
  pages={232--240},
  year={2013},
  publisher={Nature Publishing Group}
}
@article{schriml2012disease,
  title={Disease Ontology: a backbone for disease semantic integration},
  author={Schriml, Lynn Marie and Arze, Cesar and Nadendla, Suvarna and Chang, Yu-Wei Wayne and Mazaitis, Mark and Felix, Victor and Feng, Gang and Kibbe, Warren Alden},
  journal={Nucleic acids research},
  volume={40},
  number={D1},
  pages={D940--D946},
  year={2012},
  publisher={Oxford Univ Press}
}
@article{shahlaei2013descriptor,
  title={Descriptor selection methods in quantitative structure--activity relationship studies: a review study},
  author={Shahlaei, Mohsen},
  journal={Chemical reviews},
  volume={113},
  number={10},
  pages={8093--8103},
  year={2013},
  publisher={ACS Publications}
}
@article{shen2010estimation,
  title={Estimation of ADME properties with substructure pattern recognition},
  author={Shen, Jie and Cheng, Feixiong and Xu, You and Li, Weihua and Tang, Yun},
  journal={Journal of chemical information and modeling},
  volume={50},
  number={6},
  pages={1034--1041},
  year={2010},
  publisher={ACS Publications}
}
@article{smith1981identification,
  title={Identification of common molecular subsequences},
  author={Smith, Temple F and Waterman, Michael S},
  journal={Journal of molecular biology},
  volume={147},
  number={1},
  pages={195--197},
  year={1981},
  publisher={Elsevier}
}
@article{so2014pi3k,
  title={PI3K-AKT signaling is a downstream effector of retinoid prevention of murine basal cell carcinogenesis},
  author={So, Po-Lin and Wang, Grace Y and Wang, Kevin and Chuang, Mindy and Chiueh, Venice Calinisan and Kenny, Paraic A and Epstein, Ervin H},
  journal={Cancer Prevention Research},
  volume={7},
  number={4},
  pages={407--417},
  year={2014},
  publisher={AACR}
}
@article{sousa2013protein,
  title={Protein-ligand docking in the new millennium--a retrospective of 10 years in the field},
  author={Sousa, SF and Ribeiro, AJM and Coimbra, JTS and Neves, RPP and Martins, SA and Moorthy, NSHN and Fernandes, PA and Ramos, MJ},
  journal={Current medicinal chemistry},
  volume={20},
  number={18},
  pages={2296--2314},
  year={2013},
  publisher={Bentham Science Publishers}
}
@article{stoll2008molecular,
  title={Molecular mechanisms of thrombus formation in ischemic stroke: novel insights and targets for treatment},
  author={Stoll, Guido and Kleinschnitz, Christoph and Nieswandt, Bernhard},
  journal={Blood},
  volume={112},
  number={9},
  pages={3555--3562},
  year={2008},
  publisher={Am Soc Hematology}
}
@article{takarabe2012drug,
  title={Drug target prediction using adverse event report systems: a pharmacogenomic approach},
  author={Takarabe, Masataka and Kotera, Masaaki and Nishimura, Yosuke and Goto, Susumu and Yamanishi, Yoshihiro},
  journal={Bioinformatics},
  volume={28},
  number={18},
  pages={i611--i618},
  year={2012},
  publisher={Oxford Univ Press}
}
@article{takigawa2011mining,
  title={Mining significant substructure pairs for interpreting polypharmacology in drug-target network},
  author={Takigawa, Ichigaku and Tsuda, Koji and Mamitsuka, Hiroshi},
  journal={PloS one},
  volume={6},
  number={2},
  pages={e16999},
  year={2011},
  publisher={Public Library of Science}
}
@article{tang2014making,
  title={Making sense of large-scale kinase inhibitor bioactivity data sets: a comparative and integrative analysis},
  author={Tang, Jing and Szwajda, Agnieszka and Shakyawar, Sushil and Xu, Tao and Hintsanen, Petteri and Wennerberg, Krister and Aittokallio, Tero},
  journal={Journal of Chemical Information and Modeling},
  volume={54},
  number={3},
  pages={735--743},
  year={2014},
  publisher={ACS Publications}
}
@article{tatonetti2009predicting,
  title={Predicting drug side-effects by chemical systems biology},
  author={Tatonetti, Nicholas P and Liu, Tianyun and Altman, Russ B},
  journal={Genome biology},
  volume={10},
  number={9},
  pages={1},
  year={2009},
  publisher={BioMed Central}
}
@book{tex,
  author =       "Donald E. Knuth",
  title =        "The {\TeX} Book",
  publisher =    "Addison-Wesley Publishing Company",
  address =      "Reading, MA",
  year =         1989,
  edition =      "15th",
}
@article{tu2011discovery,
  title={The discovery of artemisinin (qinghaosu) and gifts from Chinese medicine},
  author={Tu, Youyou},
  journal={Nature medicine},
  volume={17},
  number={10},
  pages={1217--1220},
  year={2011},
  publisher={Nature Publishing Group}
}
@article{vidal2011interactome,
  title={Interactome networks and human disease},
  author={Vidal, Marc and Cusick, Michael E and Barabasi, Albert-Laszlo},
  journal={Cell},
  volume={144},
  number={6},
  pages={986--998},
  year={2011},
  publisher={Elsevier}
}
@article{vilar2014similarity,
  title={Similarity-based modeling in large-scale prediction of drug-drug interactions},
  author={Vilar, Santiago and Uriarte, Eugenio and Santana, Lourdes and Lorberbaum, Tal and Hripcsak, George and Friedman, Carol and Tatonetti, Nicholas P},
  journal={Nature protocols},
  volume={9},
  number={9},
  pages={2147--2163},
  year={2014},
  publisher={Nature Publishing Group}
}
@article{vogel2010update,
  title={Update of the national surgical adjuvant breast and bowel project study of tamoxifen and raloxifene (STAR) P-2 trial: preventing breast cancer},
  author={Vogel, Victor G and Costantino, Joseph P and Wickerham, D Lawrence and Cronin, Walter M and Cecchini, Reena S and Atkins, James N and Bevers, Therese B and Fehrenbacher, Louis and Pajon, Eduardo R and Wade, James L and others},
  journal={Cancer Prevention Research},
  volume={3},
  number={6},
  pages={696--706},
  year={2010},
  publisher={AACR}
}
@article{wang2009pubchem,
  title={PubChem: a public information system for analyzing bioactivities of small molecules},
  author={Wang, Yanli and Xiao, Jewen and Suzek, Tugba O and Zhang, Jian and Wang, Jiyao and Bryant, Stephen H},
  journal={Nucleic acids research},
  volume={37},
  number={suppl 2},
  pages={W623--W633},
  year={2009},
  publisher={Oxford Univ Press}
}

@article{wang2013prediction,
  title={Prediction of drug-target interactions for drug repositioning only based on genomic expression similarity},
  author={Wang, Kejian and Sun, Jiazhi and Zhou, Shufeng and Wan, Chunling and Qin, Shengying and Li, Can and He, Lin and Yang, Lun},
  journal={PLoS Comput Biol},
  volume={9},
  number={11},
  pages={e1003315},
  year={2013},
  publisher={Public Library of Science}
}
@article{weininger1988smiles,
  title={SMILES, a chemical language and information system. 1. Introduction to methodology and encoding rules},
  author={Weininger, David},
  journal={Journal of chemical information and computer sciences},
  volume={28},
  number={1},
  pages={31--36},
  year={1988},
  publisher={ACS Publications}
}
@article{wishart2008drugbank,
  title={DrugBank: a knowledgebase for drugs, drug actions and drug targets},
  author={Wishart, David S and Knox, Craig and Guo, An Chi and Cheng, Dean and Shrivastava, Savita and Tzur, Dan and Gautam, Bijaya and Hassanali, Murtaza},
  journal={Nucleic acids research},
  volume={36},
  number={suppl 1},
  pages={D901--D906},
  year={2008},
  publisher={Oxford Univ Press}
}
@article{woodruff2011pathophysiology,
  title={Pathophysiology, treatment, and animal and cellular models of human ischemic stroke},
  author={Woodruff, Trent M and Thundyil, John and Tang, Sung-Chun and Sobey, Christopher G and Taylor, Stephen M and Arumugam, Thiruma V},
  journal={Molecular neurodegeneration},
  volume={6},
  number={1},
  pages={1},
  year={2011},
  publisher={BioMed Central}
}
@article{wu2008network,
  title={Network-based global inference of human disease genes},
  author={Wu, Xuebing and Jiang, Rui and Zhang, Michael Q and Li, Shao},
  journal={Molecular systems biology},
  volume={4},
  number={1},
  pages={189},
  year={2008},
  publisher={EMBO Press}
}
@article{wu2016sdtnbi,
  title={SDTNBI: an integrated network and chemoinformatics tool for systematic prediction of drug--target interactions and drug repositioning},
  author={Wu, Zengrui and Cheng, Feixiong and Li, Jie and Li, Weihua and Liu, Guixia and Tang, Yun},
  journal={Briefings in bioinformatics},
  pages={bbw012},
  year={2016},
  publisher={Oxford Univ Press}
}
@article{xue2012tcmid,
  title={TCMID: traditional Chinese medicine integrative database for herb molecular mechanism analysis},
  author={Xue, Ruichao and Fang, Zhao and Zhang, Meixia and Yi, Zhenghui and Wen, Chengping and Shi, Tieliu},
  journal={Nucleic acids research},
  pages={gks1100},
  year={2012},
  publisher={Oxford Univ Press}
}
@article{yabuuchi2011analysis,
  title={Analysis of multiple compound--protein interactions reveals novel bioactive molecules},
  author={Yabuuchi, Hiroaki and Niijima, Satoshi and Takematsu, Hiromu and Ida, Tomomi and Hirokawa, Takatsugu and Hara, Takafumi and Ogawa, Teppei and Minowa, Yohsuke and Tsujimoto, Gozoh and Okuno, Yasushi},
  journal={Molecular systems biology},
  volume={7},
  number={1},
  pages={472},
  year={2011},
  publisher={EMBO Press}
}
@article{yamanishi2008prediction,
  title={Prediction of drug--target interaction networks from the integration of chemical and genomic spaces},
  author={Yamanishi, Yoshihiro and Araki, Michihiro and Gutteridge, Alex and Honda, Wataru and Kanehisa, Minoru},
  journal={Bioinformatics},
  volume={24},
  number={13},
  pages={i232--i240},
  year={2008},
  publisher={Oxford Univ Press}
}
@article{yamanishi2010drug,
  title={Drug-target interaction prediction from chemical, genomic and pharmacological data in an integrated framework},
  author={Yamanishi, Yoshihiro and Kotera, Masaaki and Kanehisa, Minoru and Goto, Susumu},
  journal={Bioinformatics},
  volume={26},
  number={12},
  pages={i246--i254},
  year={2010},
  publisher={Oxford Univ Press}
}
@article{yamanishi2011extracting,
  title={Extracting sets of chemical substructures and protein domains governing drug-target interactions},
  author={Yamanishi, Yoshihiro and Pauwels, Edouard and Saigo, Hiroto and Stoven, V{\'e}ronique},
  journal={Journal of chemical information and modeling},
  volume={51},
  number={5},
  pages={1183--1194},
  year={2011},
  publisher={ACS Publications}
}
@article{yamanishi2014dinies,
  title={DINIES: drug--target interaction network inference engine based on supervised analysis},
  author={Yamanishi, Yoshihiro and Kotera, Masaaki and Moriya, Yuki and Sawada, Ryusuke and Kanehisa, Minoru and Goto, Susumu},
  journal={Nucleic acids research},
  volume={42},
  number={W1},
  pages={W39--W45},
  year={2014},
  publisher={Oxford Univ Press}
}
@article{yang2008finding,
  title={Finding multiple target optimal intervention in disease-related molecular network},
  author={Yang, Kun and Bai, Hongjun and Ouyang, Qi and Lai, Luhua and Tang, Chao},
  journal={Molecular Systems Biology},
  volume={4},
  number={1},
  pages={228},
  year={2008},
  publisher={EMBO Press}
}
@article{yang2010pharmacophore,
  title={Pharmacophore modeling and applications in drug discovery: challenges and recent advances},
  author={Yang, Sheng-Yong},
  journal={Drug discovery today},
  volume={15},
  number={11},
  pages={444--450},
  year={2010},
  publisher={Elsevier}
}
@article{yang2013protein,
  title={Protein--ligand binding site recognition using complementary binding-specific substructure comparison and sequence profile alignment},
  author={Yang, Jianyi and Roy, Ambrish and Zhang, Yang},
  journal={Bioinformatics},
  volume={29},
  number={20},
  pages={2588--2595},
  year={2013},
  publisher={Oxford Univ Press}
}

@article{yildirim2007drug,
  title={Drug—target network},
  author={Y{\i}ld{\i}r{\i}m, Muhammed A and Goh, Kwang-Il and Cusick, Michael E and Barab{\'a}si, Albert-L{\'a}szl{\'o} and Vidal, Marc},
  journal={Nature biotechnology},
  volume={25},
  number={10},
  pages={1119--1126},
  year={2007},
  publisher={Nature Publishing Group}
}
@article{yuan2016druge,
  title={DrugE-Rank: improving drug--target interaction prediction of new candidate drugs or targets by ensemble learning to rank},
  author={Yuan, Qingjun and Gao, Junning and Wu, Dongliang and Zhang, Shihua and Mamitsuka, Hiroshi and Zhu, Shanfeng},
  journal={Bioinformatics},
  volume={32},
  number={12},
  pages={i18--i27},
  year={2016},
  publisher={Oxford Univ Press}
}
@article{zhang2014systems,
  title={Systems pharmacology dissection of multi-scale mechanisms of action for herbal medicines in stroke treatment and prevention},
  author={Zhang, Jingxiao and Li, Yan and Chen, Xuetong and Pan, Yanqiu and Zhang, Shuwei and Wang, Yonghua},
  journal={PloS one},
  volume={9},
  number={8},
  pages={e102506},
  year={2014},
  publisher={Public Library of Science}
}
@article{zhao2010network,
  title={Network-based relating pharmacological and genomic spaces for drug target identification},
  author={Zhao, Shiwen and Li, Shao},
  journal={PloS one},
  volume={5},
  number={7},
  pages={e11764},
  year={2010},
  publisher={Public Library of Science}
}
@article{zhao2012co,
  title={A co-module approach for elucidating drug--disease associations and revealing their molecular basis},
  author={Zhao, Shiwen and Li, Shao},
  journal={Bioinformatics},
  volume={28},
  number={7},
  pages={955--961},
  year={2012},
  publisher={Oxford Univ Press}
}
@article{zhu1997algorithm,
  title={Algorithm 778: L-BFGS-B: Fortran subroutines for large-scale bound-constrained optimization},
  author={Zhu, Ciyou and Byrd, Richard H and Lu, Peihuang and Nocedal, Jorge},
  journal={ACM Transactions on Mathematical Software (TOMS)},
  volume={23},
  number={4},
  pages={550--560},
  year={1997},
  publisher={ACM}
}
@article{zu2015global,
  title={Global optimization-based inference of chemogenomic features from drug--target interactions},
  author={Zu, Songpeng and Chen, Ting and Li, Shao},
  journal={Bioinformatics},
  volume={31},
  number={15},
  pages={2523--2529},
  year={2015},
  publisher={Oxford Univ Press}
}
@article{lamb2006connectivity,
  title={The Connectivity Map: using gene-expression signatures to connect small molecules, genes, and disease},
  author={Lamb, Justin and Crawford, Emily D and Peck, David and Modell, Joshua W and Blat, Irene C and Wrobel, Matthew J and Lerner, Jim and Brunet, Jean-Philippe and Subramanian, Aravind and Ross, Kenneth N and others},
  journal={science},
  volume={313},
  number={5795},
  pages={1929--1935},
  year={2006},
  publisher={American Association for the Advancement of Science}
}
@article{hosking1985estimation,
  title={Estimation of the generalized extreme-value distribution by the method of probability-weighted moments},
  author={Hosking, JRM and Wallis, James R and Wood, Eric F},
  journal={Technometrics},
  volume={27},
  number={3},
  pages={251--261},
  year={1985},
  publisher={Taylor \& Francis Group}
}
@article{altschul1997gapped,
  title={Gapped BLAST and PSI-BLAST: a new generation of protein database search programs},
  author={Altschul, Stephen F and Madden, Thomas L and Sch{\"a}ffer, Alejandro A and Zhang, Jinghui and Zhang, Zheng and Miller, Webb and Lipman, David J},
  journal={Nucleic acids research},
  volume={25},
  number={17},
  pages={3389--3402},
  year={1997},
  publisher={Oxford Univ Press}
}
@article{bleakley2009supervised,
  title={Supervised prediction of drug--target interactions using bipartite local models},
  author={Bleakley, Kevin and Yamanishi, Yoshihiro},
  journal={Bioinformatics},
  volume={25},
  number={18},
  pages={2397--2403},
  year={2009},
  publisher={Oxford Univ Press}
}
@article{bleakley2007supervised,
  title={Supervised reconstruction of biological networks with local models},
  author={Bleakley, Kevin and Biau, G{\'e}rard and Vert, Jean-Philippe},
  journal={Bioinformatics},
  volume={23},
  number={13},
  pages={i57--i65},
  year={2007},
  publisher={Oxford Univ Press}
}
@article{mordelet2008sirene,
  title={SIRENE: supervised inference of regulatory networks},
  author={Mordelet, Fantine and Vert, Jean-Philippe},
  journal={Bioinformatics},
  volume={24},
  number={16},
  pages={i76--i82},
  year={2008},
  publisher={Oxford Univ Press}
}
@article{suykens1999least,
  title={Least squares support vector machine classifiers},
  author={Suykens, Johan AK and Vandewalle, Joos},
  journal={Neural processing letters},
  volume={9},
  number={3},
  pages={293--300},
  year={1999},
  publisher={Springer}
}
@article{jacob2008protein,
  title={Protein-ligand interaction prediction: an improved chemogenomics approach},
  author={Jacob, Laurent and Vert, Jean-Philippe},
  journal={Bioinformatics},
  volume={24},
  number={19},
  pages={2149--2156},
  year={2008},
  publisher={Oxford Univ Press}
}
@article{gonen2012predicting,
  title={Predicting drug--target interactions from chemical and genomic kernels using Bayesian matrix factorization},
  author={G{\"o}nen, Mehmet},
  journal={Bioinformatics},
  volume={28},
  number={18},
  pages={2304--2310},
  year={2012},
  publisher={Oxford Univ Press}
}
@article{pei2014systems,
  title={Systems biology brings new dimensions for structure-based drug design},
  author={Pei, Jianfeng and Yin, Ning and Ma, Xiaomin and Lai, Luhua},
  journal={Journal of the American Chemical Society},
  volume={136},
  number={33},
  pages={11556--11565},
  year={2014},
  publisher={ACS Publications}
}
@article{barabasi2011network,
  title={Network medicine: a network-based approach to human disease},
  author={Barab{\'a}si, Albert-L{\'a}szl{\'o} and Gulbahce, Natali and Loscalzo, Joseph},
  journal={Nature Reviews Genetics},
  volume={12},
  number={1},
  pages={56--68},
  year={2011},
  publisher={Nature Publishing Group}
}
@article{wang2014drug,
  title={Drug repositioning by integrating target information through a heterogeneous network model},
  author={Wang, Wenhui and Yang, Sen and Zhang, Xiang and Li, Jing},
  journal={Bioinformatics},
  volume={30},
  number={20},
  pages={2923--2930},
  year={2014},
  publisher={Oxford Univ Press}
}
@article{seal2015optimizing,
  title={Optimizing drug--target interaction prediction based on random walk on heterogeneous networks},
  author={Seal, Abhik and Ahn, Yong-Yeol and Wild, David J},
  journal={Journal of cheminformatics},
  volume={7},
  number={1},
  pages={1},
  year={2015},
  publisher={Springer International Publishing}
}
@article{zhang2015drug,
  title={When drug discovery meets web search: Learning to Rank for ligand-based virtual screening},
  author={Zhang, Wei and Ji, Lijuan and Chen, Yanan and Tang, Kailin and Wang, Haiping and Zhu, Ruixin and Jia, Wei and Cao, Zhiwei and Liu, Qi},
  journal={Journal of cheminformatics},
  volume={7},
  number={1},
  pages={1},
  year={2015},
  publisher={Springer International Publishing}
}
@article{lee2011prioritizing,
  title={Prioritizing candidate disease genes by network-based boosting of genome-wide association data},
  author={Lee, Insuk and Blom, U Martin and Wang, Peggy I and Shim, Jung Eun and Marcotte, Edward M},
  journal={Genome research},
  volume={21},
  number={7},
  pages={1109--1121},
  year={2011},
  publisher={Cold Spring Harbor Lab}
}
@article{chen2011uncover,
  title={Uncover disease genes by maximizing information flow in the phenome--interactome network},
  author={Chen, Yong and Jiang, Tao and Jiang, Rui},
  journal={Bioinformatics},
  volume={27},
  number={13},
  pages={i167--i176},
  year={2011},
  publisher={Oxford Univ Press}
}
@article{yao2011modularity,
  title={Modularity-based credible prediction of disease genes and detection of disease subtypes on the phenotype-gene heterogeneous network},
  author={Yao, Xin and Hao, Han and Li, Yanda and Li, Shao},
  journal={BMC systems biology},
  volume={5},
  number={1},
  pages={1},
  year={2011},
  publisher={BioMed Central}
}
@article{sun2012classification,
  title={Classification of scaffold-hopping approaches},
  author={Sun, Hongmao and Tawa, Gregory and Wallqvist, Anders},
  journal={Drug discovery today},
  volume={17},
  number={7},
  pages={310--324},
  year={2012},
  publisher={Elsevier}
}
@article{cherkasov2014qsar,
  title={QSAR modeling: where have you been? Where are you going to?},
  author={Cherkasov, Artem and Muratov, Eugene N and Fourches, Denis and Varnek, Alexandre and Baskin, Igor I and Cronin, Mark and Dearden, John and Gramatica, Paola and Martin, Yvonne C and Todeschini, Roberto and others},
  journal={Journal of medicinal chemistry},
  volume={57},
  number={12},
  pages={4977--5010},
  year={2014},
  publisher={ACS Publications}
}
@article{besnard2012automated,
  title={Automated design of ligands to polypharmacological profiles},
  author={Besnard, J{\'e}r{\'e}my and Ruda, Gian Filippo and Setola, Vincent and Abecassis, Keren and Rodriguiz, Ramona M and Huang, Xi-Ping and Norval, Suzanne and Sassano, Maria F and Shin, Antony I and Webster, Lauren A and others},
  journal={Nature},
  volume={492},
  number={7428},
  pages={215--220},
  year={2012},
  publisher={Nature Publishing Group}
}
@article{rogers2005using,
  title={Using extended-connectivity fingerprints with Laplacian-modified Bayesian analysis in high-throughput screening follow-up},
  author={Rogers, David and Brown, Robert D and Hahn, Mathew},
  journal={Journal of biomolecular screening},
  volume={10},
  number={7},
  pages={682--686},
  year={2005},
  publisher={SAGE Publications}
}
@article{xia2004classification,
  title={Classification of kinase inhibitors using a Bayesian model},
  author={Xia, Xiaoyang and Maliski, Edward G and Gallant, Paul and Rogers, David},
  journal={Journal of medicinal chemistry},
  volume={47},
  number={18},
  pages={4463--4470},
  year={2004},
  publisher={ACS Publications}
}
@article{duran2014chemo,
  title={A chemo-centric view of human health and disease},
  author={Duran-Frigola, Miquel and Rossell, David and Aloy, Patrick},
  journal={Nature communications},
  volume={5},
  year={2014},
  publisher={Nature Publishing Group}
}
@article{liu2015improving,
  title={Improving compound--protein interaction prediction by building up highly credible negative samples},
  author={Liu, Hui and Sun, Jianjiang and Guan, Jihong and Zheng, Jie and Zhou, Shuigeng},
  journal={Bioinformatics},
  volume={31},
  number={12},
  pages={i221--i229},
  year={2015},
  publisher={Oxford Univ Press}
}
@article{wu2014integrating,
  title={Integrating multiple genomic data to predict disease-causing nonsynonymous single nucleotide variants in exome sequencing studies},
  author={Wu, Jiaxin and Li, Yanda and Jiang, Rui},
  journal={PLoS Genet},
  volume={10},
  number={3},
  pages={e1004237},
  year={2014},
  publisher={Public Library of Science}
}
@article{liu2007bindingdb,
  title={BindingDB: a web-accessible database of experimentally determined protein--ligand binding affinities},
  author={Liu, Tiqing and Lin, Yuhmei and Wen, Xin and Jorissen, Robert N and Gilson, Michael K},
  journal={Nucleic acids research},
  volume={35},
  number={suppl 1},
  pages={D198--D201},
  year={2007},
  publisher={Oxford Univ Press}
}
@article{kanehisa2000kegg,
  title={KEGG: kyoto encyclopedia of genes and genomes},
  author={Kanehisa, Minoru and Goto, Susumu},
  journal={Nucleic acids research},
  volume={28},
  number={1},
  pages={27--30},
  year={2000},
  publisher={Oxford Univ Press}
}
@article{kuhn2008stitch,
  title={STITCH: interaction networks of chemicals and proteins},
  author={Kuhn, Michael and von Mering, Christian and Campillos, Monica and Jensen, Lars Juhl and Bork, Peer},
  journal={Nucleic acids research},
  volume={36},
  number={suppl 1},
  pages={D684--D688},
  year={2008},
  publisher={Oxford Univ Press}
}
@inproceedings{yang2014drug,
  title={Drug-target interaction prediction by integrating chemical, genomic, functional and pharmacological data},
  author={YANG, FAN and XU, JINBO and ZENG, JIANYANG},
  booktitle={Pacific Symposium on Biocomputing. Pacific Symposium on Biocomputing},
  pages={148},
  year={2014},
  organization={NIH Public Access}
}
@article{nakanishi2005terpene,
  title={Terpene trilactones from Gingko biloba: from ancient times to the 21st century},
  author={Nakanishi, Koji},
  journal={Bioorganic \& medicinal chemistry},
  volume={13},
  number={17},
  pages={4987--5000},
  year={2005},
  publisher={Elsevier}
}
@article{stromgaard2004chemistry,
  title={Chemistry and biology of terpene trilactones from Ginkgo biloba},
  author={Str{\o}mgaard, Kristian and Nakanishi, Koji},
  journal={Angewandte Chemie International Edition},
  volume={43},
  number={13},
  pages={1640--1658},
  year={2004},
  publisher={Wiley Online Library}
}
@article{zhang2013integrative,
  title={An integrative platform of TCM network pharmacology and its application on a herbal formula, Qing-Luo-Yin},
  author={Zhang, Bo and Wang, Xu and Li, Shao},
  journal={Evidence-Based Complementary and Alternative Medicine},
  volume={2013},
  year={2013},
  publisher={Hindawi Publishing Corporation}
}
@article{martin2011profile,
  title={Profile-QSAR: a novel meta-QSAR method that combines activities across the kinase family to accurately predict affinity, selectivity, and cellular activity},
  author={Martin, Eric and Mukherjee, Prasenjit and Sullivan, David and Jansen, Johanna},
  journal={Journal of chemical information and modeling},
  volume={51},
  number={8},
  pages={1942--1956},
  year={2011},
  publisher={ACS Publications}
}
@article{dahl2014multi,
  title={Multi-task neural networks for QSAR predictions},
  author={Dahl, George E and Jaitly, Navdeep and Salakhutdinov, Ruslan},
  journal={arXiv preprint arXiv:1406.1231},
  year={2014}
}
@article{pan2010survey,
  title={A survey on transfer learning},
  author={Pan, Sinno Jialin and Yang, Qiang},
  journal={IEEE Transactions on knowledge and data engineering},
  volume={22},
  number={10},
  pages={1345--1359},
  year={2010},
  publisher={IEEE}
}
@article{ramsundar2015massively,
  title={Massively multitask networks for drug discovery},
  author={Ramsundar, Bharath and Kearnes, Steven and Riley, Patrick and Webster, Dale and Konerding, David and Pande, Vijay},
  journal={arXiv preprint arXiv:1502.02072},
  year={2015}
}
@article{lecun2015deep,
  title={Deep learning},
  author={LeCun, Yann and Bengio, Yoshua and Hinton, Geoffrey},
  journal={Nature},
  volume={521},
  number={7553},
  pages={436--444},
  year={2015},
  publisher={Nature Publishing Group}
}
@article{cheek2005comprehensive,
  title={A comprehensive update of the sequence and structure classification of kinases},
  author={Cheek, Sara and Ginalski, Krzysztof and Zhang, Hong and Grishin, Nick V},
  journal={BMC structural biology},
  volume={5},
  number={1},
  pages={1},
  year={2005},
  publisher={BioMed Central}
}
@article{bjork2011modulation,
  title={Modulation of monoamine receptors by adaptor proteins and lipid rafts: role in some effects of centrally acting drugs and therapeutic agents},
  author={Bj{\"o}rk, Karl and Svenningsson, Per},
  journal={Annual review of pharmacology and toxicology},
  volume={51},
  pages={211--242},
  year={2011},
  publisher={Annual Reviews}
}
@article{lagerstrom2008structural,
  title={Structural diversity of G protein-coupled receptors and significance for drug discovery},
  author={Lagerstr{\"o}m, Malin C and Schi{\"o}th, Helgi B},
  journal={Nature reviews Drug discovery},
  volume={7},
  number={4},
  pages={339--357},
  year={2008},
  publisher={Nature Publishing Group}
}
@article{chattopadhyay2014gpcrs,
  title={GPCRs: lipid-dependent membrane receptors that act as drug targets},
  author={Chattopadhyay, Amitabha},
  journal={Advances in Biology},
  volume={2014},
  year={2014},
  publisher={Hindawi Publishing Corporation}
}
@article{van2015molecular,
  title={Molecular mechanisms of target recognition by lipid GPCRs: relevance for cancer},
  author={van Jaarsveld, MTM and Houthuijzen, JM and Voest, EE},
  journal={Oncogene},
  year={2015},
  publisher={Nature Publishing Group}
}
@article{zhang2009targeting,
  title={Targeting cancer with small molecule kinase inhibitors},
  author={Zhang, Jianming and Yang, Priscilla L and Gray, Nathanael S},
  journal={Nature Reviews Cancer},
  volume={9},
  number={1},
  pages={28--39},
  year={2009},
  publisher={Nature Publishing Group}
}
@article{fabbro2015ten,
  title={Ten things you should know about protein kinases: IUPHAR Review 14},
  author={Fabbro, Doriano and Cowan-Jacob, Sandra W and Moebitz, Henrik},
  journal={British journal of pharmacology},
  volume={172},
  number={11},
  pages={2675--2700},
  year={2015},
  publisher={Wiley Online Library}
}
@article{wu2015fda,
  title={FDA-approved small-molecule kinase inhibitors},
  author={Wu, Peng and Nielsen, Thomas E and Clausen, Mads H},
  journal={Trends in pharmacological sciences},
  volume={36},
  number={7},
  pages={422--439},
  year={2015},
  publisher={Elsevier}
}
@article{bickerton2012quantifying,
  title={Quantifying the chemical beauty of drugs},
  author={Bickerton, G Richard and Paolini, Gaia V and Besnard, J{\'e}r{\'e}my and Muresan, Sorel and Hopkins, Andrew L},
  journal={Nature chemistry},
  volume={4},
  number={2},
  pages={90--98},
  year={2012},
  publisher={Nature Publishing Group}
}
@book{wagner2013evidence,
  title={Evidence and rational based research on Chinese drugs},
  author={Wagner, Hildebert and Ulrich-Merzenich, Gudrun},
  year={2013},
  publisher={Springer Science \& Business Media}
}

@article{wang2016ginkgolide,
  title={Ginkgolide K protects the heart against ER stress injury by activating the IRE1$\alpha$/XBP1 pathway},
  author={Wang, Shoubao and Wang, Zhenzhong and Fan, Qiru and Guo, Jing and Galli, Gina and Du, Guanhua and Wang, Xin and Xiao, Wei},
  journal={British journal of pharmacology},
  year={2016},
  publisher={Wiley Online Library}
}
